<?xml version="1.0" encoding="UTF-8"?><collection xmlns="http://www.loc.gov/MARC21/slim"><record><leader>00375nam--2200157-i-4500</leader><controlfield tag="001">000004797</controlfield><controlfield tag="002">20161230</controlfield><controlfield tag="005">20161230201026</controlfield><controlfield tag="008">060222s1000------------r-----000-0-eng-d</controlfield><datafield ind1=" " ind2=" " tag="080"><subfield code="a">-</subfield></datafield><datafield ind1=" " ind2=" " tag="100"><subfield code="a" /></datafield><datafield ind1=" " ind2=" " tag="245"><subfield code="a">Cartea sovietica in biblioteca academiei rpr</subfield></datafield><datafield ind1=" " ind2=" " tag="260"><subfield code="a">Bucuresti, Editura Acad.Rpr, 1953 </subfield></datafield><datafield ind1=" " ind2=" " tag="490"><subfield code="a">Biblioteca Academiei Rpr</subfield></datafield><datafield ind1=" " ind2=" " tag="700"><subfield code="a" /></datafield><datafield ind1=" " ind2=" " tag="852"><subfield code="a">5724</subfield></datafield></record></collection>